<?xml version="1.0" encoding="UTF-8"?><record xmlns="http://www.loc.gov/MARC21/slim" xmlns:cinclude="http://apache.org/cocoon/include/1.0" xmlns:zs="http://www.loc.gov/zing/srw/">
  <leader>00852cz  a2200157n  4500</leader>
  <controlfield tag="001">no 91012471 </controlfield>
  <controlfield tag="003">DLC</controlfield>
  <controlfield tag="005">20130314093019.0</controlfield>
  <controlfield tag="008">910514n| azannaab           |a ana     c</controlfield>
  <datafield tag="010" ind1=" " ind2=" ">
    <subfield code="a">no 91012471 </subfield>
  </datafield>
  <datafield tag="040" ind1=" " ind2=" ">
    <subfield code="a">N</subfield>
    <subfield code="b">eng</subfield>
    <subfield code="e">rda</subfield>
    <subfield code="c">N</subfield>
    <subfield code="d">DLC</subfield>
  </datafield>
  <datafield tag="110" ind1="2" ind2=" ">
    <subfield code="a">Utah Engineering Experiment Station.</subfield>
    <subfield code="b">Department of Metallurgical Research</subfield>
  </datafield>
  <datafield tag="410" ind1="2" ind2=" ">
    <subfield code="w">nnea</subfield>
    <subfield code="a">Utah Engineering Experiment Station.</subfield>
    <subfield code="b">Dept. of Metallurgical Research</subfield>
  </datafield>
  <datafield tag="510" ind1="2" ind2=" ">
    <subfield code="w">b</subfield>
    <subfield code="a">Utah Engineering Experiment Station.</subfield>
    <subfield code="b">Department of Mining and Metallurgical Research</subfield>
  </datafield>
  <datafield tag="510" ind1="2" ind2=" ">
    <subfield code="w">r</subfield>
    <subfield code="i">Hierarchical superior:</subfield>
    <subfield code="a">Utah Engineering Experiment Station</subfield>
  </datafield>
  <datafield tag="670" ind1=" " ind2=" ">
    <subfield code="a">Bulletin (Utah Engineering Experiment Station). Bulletin, June 1916:</subfield>
    <subfield code="b">t.p. (Utah Engineering Experiment Station, Department of Metallurgical Research); Jan. 1927: t.p. (Utah Engineering Experiment Station, Department of Mining and Metallurgical Research)</subfield>
  </datafield>
</record>